%% This BibTeX bibliography file was created using BibDesk.
%% https://bibdesk.sourceforge.io/

%% Created for Mondo at 2024-03-05 20:22:39 -0600 


%% Saved with string encoding Unicode (UTF-8) 



@inproceedings{romero2021infaas,
	author = {Romero, Francisco and Li, Qian and Yadwadkar, Neeraja J and Kozyrakis, Christos},
	booktitle = {2021 USENIX Annual Technical Conference (USENIX ATC 21)},
	date-added = {2024-03-05 20:22:34 -0600},
	date-modified = {2024-03-05 20:22:34 -0600},
	pages = {397--411},
	title = {$\{$INFaaS$\}$: Automated model-less inference serving},
	year = {2021}}

@inproceedings{hindman2011mesos,
	author = {Hindman, Benjamin and Konwinski, Andy and Zaharia, Matei and Ghodsi, Ali and Joseph, Anthony D and Katz, Randy and Shenker, Scott and Stoica, Ion},
	booktitle = {8th USENIX Symposium on Networked Systems Design and Implementation (NSDI 11)},
	date-added = {2024-03-05 20:19:18 -0600},
	date-modified = {2024-03-05 20:19:18 -0600},
	title = {Mesos: A platform for $\{$Fine-Grained$\}$ resource sharing in the data center},
	year = {2011}}

@misc{koo,
	author = {Koordinator Team},
	date-added = {2024-02-27 11:35:28 -0600},
	date-modified = {2024-02-27 11:36:16 -0600},
	howpublished = {\url{https://koordinator.sh}},
	title = {Koordinator, QoS-based scheduling for efficient orchestration of microservices, AI, and big data workloads on Kubernetes}}

@misc{:aa,
	author = {ByteDance, Intel},
	date-added = {2024-02-27 11:04:27 -0600},
	date-modified = {2024-02-27 11:36:28 -0600},
	howpublished = {\url{https://www.intel.com.br/content/dam/www/public/us/en/documents/white-papers/Intel_ByteDance_WhitePaper.pdf}},
	lastchecked = {Tuesday, February 27, 2024},
	title = {ByteDance: Performance Evaluation and Optimization for Workload Colocation},
	bdsk-url-1 = {https://www.intel.com.br/content/dam/www/public/us/en/documents/white-papers/Intel_ByteDance_WhitePaper.pdf}}
